<record><leader>00000cas a2200000 a 4500</leader><controlfield tag="001">17408149</controlfield><controlfield tag="008">880129d18591862iluwr ne      0   a0eng c</controlfield><datafield ind1=" " ind2=" " tag="010"><subfield code="a">sn 88083090 </subfield></datafield><datafield ind1=" " ind2=" " tag="040"><subfield code="a">PPM</subfield><subfield code="b">eng</subfield><subfield code="c">PPM</subfield><subfield code="d">NVF</subfield><subfield code="d">OCL</subfield><subfield code="d">NVF</subfield><subfield code="d">OCLCQ</subfield><subfield code="d">NVF</subfield><subfield code="d">OCLCF</subfield><subfield code="d">OCLCO</subfield></datafield><datafield ind1="1" ind2=" " tag="029"><subfield code="a">AU@</subfield><subfield code="b">000041161269</subfield></datafield><datafield ind1=" " ind2=" " tag="042"><subfield code="a">pcc</subfield></datafield><datafield ind1=" " ind2=" " tag="043"><subfield code="a">n-us-il</subfield></datafield><datafield ind1="0" ind2="4" tag="245"><subfield code="a">The Carlyle weekly reveille.</subfield></datafield><datafield ind1="1" ind2=" " tag="246"><subfield code="i">Published as:</subfield><subfield code="a">Weekly Carlyle reveille</subfield><subfield code="f">Oct. 9-16, 1860 and Sept. 7, 1861-Jan. 30, 1862</subfield></datafield><datafield ind1="1" ind2="3" tag="246"><subfield code="a">Carlyle reveille</subfield></datafield><datafield ind1="1" ind2="3" tag="246"><subfield code="a">Weekly reveille</subfield></datafield><datafield ind1=" " ind2=" " tag="260"><subfield code="a">Carlyle, Ill. :</subfield><subfield code="b">McGinnis &amp; Peterson,</subfield><subfield code="c">1859-1862.</subfield></datafield><datafield ind1=" " ind2=" " tag="300"><subfield code="a">v.</subfield></datafield><datafield ind1=" " ind2=" " tag="310"><subfield code="a">Weekly</subfield></datafield><datafield ind1="0" ind2=" " tag="362"><subfield code="a">New ser., vol. 1, no. 1 (Mar. 12, 1859)-new ser., v. 4, no. 42 (Dec. 18, 1862) = old ser., v. 4, no. 51-old ser., v. 8, no. 40.</subfield></datafield><datafield ind1=" " ind2="0" tag="651"><subfield code="a">Carlyle (Ill.)</subfield><subfield code="v">Newspapers.</subfield></datafield><datafield ind1=" " ind2="7" tag="655"><subfield code="a">Newspapers.</subfield><subfield code="2">fast</subfield><subfield code="0">(OCoLC)fst01423814</subfield></datafield><datafield ind1=" " ind2="7" tag="651"><subfield code="a">Illinois</subfield><subfield code="z">Carlyle.</subfield><subfield code="2">fast</subfield><subfield code="0">(OCoLC)fst01259386</subfield></datafield><datafield ind1=" " ind2=" " tag="752"><subfield code="a">United States</subfield><subfield code="b">Illinois</subfield><subfield code="c">Clinton</subfield><subfield code="d">Carlyle.</subfield></datafield><datafield ind1="0" ind2="0" tag="780"><subfield code="t">Calumet of peace</subfield><subfield code="w">(DLC)sn 92053764</subfield><subfield code="w">(OCoLC)25253149</subfield></datafield><datafield ind1="0" ind2="0" tag="785"><subfield code="t">Carlyle reveille</subfield><subfield code="w">(DLC)sn 88083091</subfield><subfield code="w">(OCoLC)17408348</subfield></datafield></record>